@book{stepan1989retarded,
	title={Retarded dynamical systems: stability and characteristic functions},
	author={St{\'e}p{\'a}n, G{\'a}bor},
	year={1989},
	publisher={Longman Scientific \& Technical}
}

@article{stepan2001vibrations,
	title={Vibrations of machines subjected to digital force control},
	author={St{\'e}p{\'a}n, G{\'a}bor},
	journal={International Journal of Solids and Structures},
	volume={38},
	number={10},
	pages={2149--2159},
	year={2001},
	publisher={Elsevier}
}

